@online{zuraya,
	author = "Zuraya, N.",
	title = "Tiga Dampak Besar Pandemi Covid-19 bagi Ekonomi RI",
	url = "https://republika.co.id/berita/qdgt5p383/tiga-dampak-besar-pandemi-covid19-bagi-ekonomi-ri",
	addendum = "(2020)",
	keywords = "dampak"
}

@online{angga,
	author = "Angga Indrawan",
	title = "BNPB Ingatkan Masyarakat Pakai Masker dengan Benar",
	url = "http://cnn.id/556939",
	addendum = "(2020)",
	keywords = "dampak"
}

@inproceedings{NIPS2015_14bfa6bb,
	author = {Ren, Shaoqing and He, Kaiming and Girshick, Ross and Sun, Jian},
	booktitle = {Advances in Neural Information Processing Systems},
	editor = {C. Cortes and N. Lawrence and D. Lee and M. Sugiyama and R. Garnett},
	pages = {91--99},
	publisher = {Curran Associates, Inc.},
	title = {Faster R-CNN: Towards Real-Time Object Detection with Region Proposal Networks},
	url = {https://proceedings.neurips.cc/paper/2015/file/14bfa6bb14875e45bba028a21ed38046-Paper.pdf},
	volume = {28},
	year = {2015}
}

 @misc{larxel_2020, title={Face Mask Detection}, url={https://www.kaggle.com/andrewmvd/face-mask-detection}, journal={Kaggle}, author={Larxel}, year={2020}, month={May}} 
 
 @online{shilpa_2020, title={Faster R-CNN for object detection}, url={https://towardsdatascience.com/faster-r-cnn-for-object-detection-a-technical-summary-474c5b857b46}, author={Shilpa Ananth}, year={2019}, month={August}} 
 
 @online{nms_pytorch, title={torchvision.ops.nms PyTorch 1.7.0 Documentation}, url={https://pytorch.org/docs/stable/torchvision/ops.html}, author={Torch Contributors}, year={2019}} 
 
 @article{krig,
 	author = "Krig, S.",
 	title = "Image pre-processing",
 	journal = "Computer Vision Metrics",
 	pages = "56-111",
 	doi = "10.1007/978-3-319-50490-23",
 	year = "1993"
 	
 }
 
 @book{pal,
 	author = "Pal, K. K. and Sudeep, K. S.",
 	title = "Preprocessing for Image Classification by Convolutional Neural Networks",
 	journal = "IEEE International Conference On Recent Trends In Electronics Information Communication Technology",
 	pages = "1778-1781",
 	ISBN = "9781509007745"
 }

@book{robert,
	author = "Robert Hirsch",
	title = "Exploring Colour Photography: A Complete Guide",
	journal = "Laurence King Publishing",
	ISBN = "ISBN 1-85669-420-8"
	
}